
%%%%% BLANK TEMPLATE REFERENCE %%%%%

@ARTICLE{blank,
   author = "",
   title = "",
   publisher = "",
   year = ,
   url = "",
   xxx = "yyy"
   }  

%%%%% Report References %%%%%http://www.blabbermouth.net/news.aspx?mode=Article&newsitemID=124671


@ARTICLE{modin,
   author = "Martin Kaltenbrunner",
   title = "Tangible Musical Interfaces",
   year = "2013",
   url = "http://blog.makezine.com/2008/04/17/reactogon-arpeggiator-tab/"
   }

@ARTICLE{wikipediaHarmTab,
   url = "http://en.wikipedia.org/wiki/Harmonic_table_note_layout/"
   }
   
@ARTICLE{jrhexitunes,
   url = "https://itunes.apple.com/app/hexatone-pro-idm-rhythm-generator/id324435715?mt=8"
   } 

@ARTICLE{amidiomanual,
   url = "http://amidio.com/manuals/JR-Hexatone-Pro-1.0-User-Manual.pdf"
   }

@ARTICLE{tonepaditunes,
   url = "https://itunes.apple.com/gb/app/tonepad/id315980301?mt=8"
   }
   
@ARTICLE{tenorionwiki,
   url = "http://en.wikipedia.org/wiki/Tenori-on"
   }
   
@ARTICLE{tenorionyamaha,
   url = "http://uk.yamaha.com/en/products/musical-instruments/entertainment/tenori-on/tnr-o/?mode=model"
   }   
   
@ARTICLE{cthru,
   url = "http://www.c-thru-music.com/cgi/?page=spec-64"
   }

@ARTICLE{randomalg,
	url = "http://www.blabbermouth.net/news.aspx?mode=Article&newsitemID=124671"
	}